<record xmlns="http://www.loc.gov/MARC21/slim" xmlns:xsi="http://www.w3.org/2001/XMLSchema-instance" xsi:schemaLocation="http://www.loc.gov/MARC21/slim http://www.loc.gov/standards/marcxml/schema/MARC21slim.xsd"><leader>02084nam a2200361   4500</leader><controlfield tag="001">3076739</controlfield><controlfield tag="003">NNC</controlfield><controlfield tag="006">m        d        </controlfield><controlfield tag="007">cr cn |||m|||a</controlfield><controlfield tag="008">150110s1965    iq ah   o     000 0 araod</controlfield><datafield ind1=" " ind2=" " tag="040"><subfield code="a">NNU</subfield><subfield code="b">eng</subfield><subfield code="e">rda</subfield><subfield code="c">NNU</subfield></datafield><datafield ind1=" " ind2="4" tag="050"><subfield code="a">DS231</subfield><subfield code="b">.M96</subfield></datafield><datafield ind1="1" ind2=" " tag="100"><subfield code="6">880-01</subfield><subfield code="a">Mu&#772;sawi&#772;, Fakhkha&#772;r ibn Ma&#699;ad,</subfield><subfield code="d">-1232.</subfield></datafield><datafield ind1="1" ind2="0" tag="245"><subfield code="6">880-02</subfield><subfield code="a">I&#772;ma&#772;n Abi&#772; T&#803;a&#772;lib :</subfield><subfield code="b">al-ma&#699;ru&#772;f bi-kita&#772;b "al-H&#803;ujjah &#699;ala&#769; al-dha&#772;hib ila&#769; tafki&#772;r Abi&#772; T&#803;a&#772;lib /</subfield><subfield code="c">ta&#700;li&#772;f Shams al-Di&#772;n Abi&#772; &#699;Ali&#772; Fakhkha&#772;r ibn Ma&#699;ad al-Mu&#772;sawi&#772; ; tah&#803;qi&#772;q al-sayyid Muh&#803;ammad Bah&#803;r al-&#699;Ulu&#772;m.</subfield></datafield><datafield ind1=" " ind2=" " tag="260"><subfield code="6">880-03</subfield><subfield code="a">Baghda&#772;d :</subfield><subfield code="b">Maktabat al-Nahd&#803;ah,</subfield><subfield code="c">[1965]</subfield></datafield><datafield ind1=" " ind2=" " tag="300"><subfield code="a">online resource (444 pages) :</subfield><subfield code="b">facsimiles</subfield></datafield><datafield ind1=" " ind2=" " tag="336"><subfield code="a">text</subfield><subfield code="2">rdacontent</subfield></datafield><datafield ind1=" " ind2=" " tag="337"><subfield code="a">computer</subfield><subfield code="2">rdamedia</subfield></datafield><datafield ind1=" " ind2=" " tag="338"><subfield code="a">online resource</subfield><subfield code="2">rdacarrier</subfield></datafield><datafield ind1=" " ind2=" " tag="500"><subfield code="a">Added title page in English.</subfield></datafield><datafield ind1=" " ind2=" " tag="500"><subfield code="a">Part of the Arabic Collections Online (ACO) project, contributed by Columbia University Libraries.</subfield></datafield><datafield ind1=" " ind2=" " tag="533"><subfield code="a">Electronic reproduction.</subfield><subfield code="b">New York, N.Y. :</subfield><subfield code="c">New York University,</subfield><subfield code="d">2015.</subfield><subfield code="5">NNU</subfield></datafield><datafield ind1="1" ind2="0" tag="600"><subfield code="6">880-04</subfield><subfield code="a">Abu&#772; T&#803;a&#772;lib &#699;Abd Mana&#772;f ibn &#699;Abd al-Mut&#803;t&#803;alib,</subfield><subfield code="d">-approximately 619.</subfield></datafield><datafield ind1="2" ind2=" " tag="710"><subfield code="a">Columbia University.</subfield><subfield code="b">Libraries.</subfield></datafield><datafield ind1="0" ind2=" " tag="730"><subfield code="a">Arabic Collections Online.</subfield></datafield><datafield ind1="0" ind2="8" tag="776"><subfield code="i">Print version:</subfield><subfield code="a">Mu&#772;sawi&#772;, Fakhkha&#772;r ibn Ma&#699;ad, -1232.</subfield><subfield code="t">I&#772;ma&#772;n Abi&#772; T&#803;a&#772;lib</subfield><subfield code="w">(NNC)3076739</subfield><subfield code="w">(OCoLC)23483004</subfield></datafield><datafield ind1="4" ind2="0" tag="856"><subfield code="u">http://hdl.handle.net/2333.1/t4b8gwf5</subfield></datafield><datafield ind1="1" ind2=" " tag="880"><subfield code="6">100-01/r</subfield><subfield code="a">&#1605;&#1608;&#1587;&#1608;&#1610;&#1548; &#1601;&#1582;&#1575;&#1585; &#1576;&#1606; &#1605;&#1593;&#1583;&#1548;</subfield><subfield code="d">-1232.</subfield></datafield><datafield ind1="1" ind2="0" tag="880"><subfield code="6">245-02/r</subfield><subfield code="a">&#1575;&#1610;&#1605;&#1575;&#1606; &#1575;&#1576;&#1610; &#1591;&#1575;&#1604;&#1576; :</subfield><subfield code="b">&#1575;&#1604;&#1605;&#1593;&#1585;&#1608;&#1601; &#1576;&#1603;&#1578;&#1575;&#1576; "&#1575;&#1604;&#1581;&#1580;&#1577; &#1593;&#1604;&#1609; &#1575;&#1604;&#1584;&#1575;&#1607;&#1576; &#1575;&#1604;&#1609; &#1578;&#1601;&#1603;&#1610;&#1585; &#1575;&#1576;&#1610; &#1591;&#1575;&#1604;&#1576; /</subfield><subfield code="c">&#1578;&#1571;&#1604;&#1610;&#1601; &#1588;&#1605;&#1587; &#1575;&#1604;&#1583;&#1610;&#1606; &#1575;&#1576;&#1610; &#1593;&#1604;&#1610; &#1601;&#1582;&#1575;&#1585; &#1576;&#1606; &#1605;&#1593;&#1583; &#1575;&#1604;&#1605;&#1608;&#1587;&#1608;&#1610; &#1563; &#1578;&#1581;&#1602;&#1610;&#1602; &#1575;&#1604;&#1587;&#1610;&#1583; &#1605;&#1581;&#1605;&#1583; &#1576;&#1581;&#1585; &#1575;&#1604;&#1593;&#1604;&#1608;&#1605;.</subfield></datafield><datafield ind1=" " ind2=" " tag="880"><subfield code="6">260-03/r</subfield><subfield code="a">&#1576;&#1594;&#1583;&#1575;&#1583; :</subfield><subfield code="b">&#1605;&#1603;&#1578;&#1576;&#1577; &#1575;&#1604;&#1606;&#1607;&#1590;&#1577;&#1548;</subfield><subfield code="c">[1965]</subfield></datafield><datafield ind1="1" ind2="0" tag="880"><subfield code="6">600-04/r</subfield><subfield code="a">&#1575;&#1576;&#1608; &#1591;&#1575;&#1604;&#1576; &#1593;&#1576;&#1583; &#1605;&#1606;&#1575;&#1601; &#1576;&#1606; &#1593;&#1576;&#1583; &#1575;&#1604;&#1605;&#1591;&#1604;&#1576;&#1548;</subfield><subfield code="d">-approximately 619  .</subfield></datafield><datafield ind1=" " ind2=" " tag="959"><subfield code="a">NNU</subfield><subfield code="b">WEB</subfield><subfield code="c">GENI</subfield><subfield code="t">0</subfield><subfield code="m">Electronic access</subfield><subfield code="s">01</subfield></datafield><datafield ind1=" " ind2=" " tag="999"><subfield code="i">NNC_3076739</subfield><subfield code="o">(OCoLC)23483004</subfield></datafield></record>